@article{de2015fundos,
  title={Fundos de investimento em a{\c{c}}{\~o}es no Brasil: m{\'e}tricas para avalia{\c{c}}{\~a}o de desempenho},
  author={de Oliveira Filho, Bolivar Godinho and de Sousa, Almir Ferreira},
  journal={REGE-Revista de Gest{\~a}o},
  volume={22},
  number={1},
  pages={61--76},
  year={2015},
  publisher={Elsevier}
}

@article{yan2023enhanced,
  title={Enhanced Bollinger Band Stock Quantitative Trading Strategy Based on Random Forest},
  author={Yan, Keyue and Wang, Yimeng and Li, Ying},
  journal={Artificial Intelligence Evolution},
  pages={22--33},
  year={2023}
}

@article{curran1998fundamental,
  title={Fundamental concepts in statistics: elucidation and illustration},
  author={Curran-Everett, Douglas and Taylor, Sue and Kafadar, Karen},
  journal={Journal of Applied Physiology},
  volume={85},
  number={3},
  pages={775--786},
  year={1998},
  publisher={American Physiological Society}
}

@article{su2022self,
  title={Self-Attentive Moving Average for Time Series Prediction},
  author={Su, Yaxi and Cui, Chaoran and Qu, Hao},
  journal={Applied Sciences},
  volume={12},
  number={7},
  pages={3602},
  year={2022},
  publisher={MDPI},
  doi={10.3390/app12073602}
}

@article{mangram2013simplified,
  title={A simplified perspective of the Markowitz portfolio theory},
  author={Mangram, Myles E},
  journal={Global journal of business research},
  volume={7},
  number={1},
  pages={59--70},
  year={2013}
}

@misc{Mendes2015,
  author = {Mendes, A.},
  title = {A ausência de educação financeira e suas consequências},
  year = {2015},
  note = {Estudo sobre a situação financeira dos brasileiros},
  publisher = {Universidade Federal de Santa Catarina},
  howpublished = {Monografia},
}